@article{erickson2017,
  title={Influences of background noise on infants and children},
  author={Erickson, Lucy C and Newman, Rochelle S},
  journal={Current directions in psychological science},
  volume={26},
  number={5},
  pages={451--457},
  year={2017},
  publisher={Sage Publications Sage CA: Los Angeles, CA}
}

@article{cohen1973,
  title={Apartment noise, auditory discrimination, and reading ability in children},
  author={Cohen, Sheldon and Glass, David C and Singer, Jerome E},
  journal={Journal of experimental social psychology},
  volume={9},
  number={5},
  pages={407--422},
  year={1973},
  publisher={Elsevier}
}

@article{deutsch1964,
  title={Auditory discrimination and learning: Social factors},
  author={Deutsch, Cynthia P},
  journal={Merrill-Palmer Quarterly of Behavior and Development},
  volume={10},
  number={3},
  pages={277--296},
  year={1964},
  publisher={JSTOR}
}

@article{benasich2002,
  title={The importance of rapid auditory processing abilities to early language development: evidence from converging methodologies},
  author={Benasich, April A and Thomas, Jennifer J and Choudhury, Naseem and Lepp{\"a}nen, Paavo HT},
  journal={Developmental Psychobiology: The Journal of the International Society for Developmental Psychobiology},
  volume={40},
  number={3},
  pages={278--292},
  year={2002},
  publisher={Wiley Online Library}
}

@article{rule2020,
  title={The child as hacker},
  author={Rule, Joshua S and Tenenbaum, Joshua B and Piantadosi, Steven T},
  journal={Trends in cognitive sciences},
  year={2020},
  publisher={Elsevier}
}

@article{klatte2013,
  title={Does noise affect learning? A short review on noise effects on cognitive performance in children},
  author={Klatte, Maria and Bergstr{\"o}m, Kirstin and Lachmann, Thomas},
  journal={Frontiers in psychology},
  volume={4},
  pages={578},
  year={2013},
  publisher={Frontiers}
}

@article{bjorklund1990,
  title={The resources construct in cognitive development: Diverse sources of evidence and a theory of inefficient inhibition},
  author={Bjorklund, David F and Harnishfeger, Katherine Kipp},
  journal={Developmental review},
  volume={10},
  number={1},
  pages={48--71},
  year={1990},
  publisher={Elsevier}
}

@article{viet2014,
  title={Assessment of noise exposure to children: considerations for the national children's study},
  author={Viet, Susan Marie and Dellarco, Michael and Dearborn, Dorr G and Neitzel, Richard},
  journal={Journal of pregnancy and child health},
  volume={1},
  number={1},
  year={2014},
  publisher={NIH Public Access}
}

@article{casey2017,
  title={Race/ethnicity, socioeconomic status, residential segregation, and spatial variation in noise exposure in the contiguous United States},
  author={Casey, Joan A and Morello-Frosch, Rachel and Mennitt, Daniel J and Fristrup, Kurt and Ogburn, Elizabeth L and James, Peter},
  journal={Environmental health perspectives},
  volume={125},
  number={7},
  pages={077017},
  year={2017}
}

@article{clark20123,
  title={A 3 year update on the influence of noise on performance and behavior},
  author={Clark, Charlotte and S{\"o}rqvist, Patrik and others},
  journal={Noise and Health},
  volume={14},
  number={61},
  pages={292},
  year={2012},
  publisher={Medknow Publications}
}

@article{hygge2019,
  title={Noise and cognition in children},
  author={Hygge, Staffan},
  year={2019},
  publisher={Elsevier}
}

@article{riley2012,
  title={Noise hampers childrenâ€™s expressive word learning},
  author={Riley, Kristine Grohne and McGregor, Karla K},
  year={2012},
  publisher={ASHA}
}

@article{evans1997,
  title={Chronic noise exposure and reading deficits: The mediating effects of language acquisition},
  author={Evans, Gary W and Maxwell, Lorraine},
  journal={Environment and Behavior},
  volume={29},
  number={5},
  pages={638--656},
  year={1997},
  publisher={Sage Publications Sage CA: Thousand Oaks, CA}
}

@article{evans1993,
  title={Nonauditory effects of noise on children: A critical review},
  author={Evans, Gary W and Lepore, Stephen J},
  journal={Children's environments},
  pages={31--51},
  year={1993},
  publisher={JSTOR}
}

@inproceedings{castro2008,
  title={Human active learning},
  author={Castro, Rui M and Kalish, Charles and Nowak, Robert and Qian, Ruichen and Rogers, Tim and Zhu, Xiaojin},
  booktitle={Advances in neural information processing systems},
  pages={241--248},
  year={2008},
  organization={Citeseer}
}

@article{ruggeri2019,
  title={Shake it baby, but only when needed: Preschoolers adapt their exploratory strategies to the information structure of the task},
  author={Ruggeri, Azzurra and Swaboda, Nora and Sim, Zi Lin and Gopnik, Alison},
  journal={Cognition},
  volume={193},
  pages={104013},
  year={2019},
  publisher={Elsevier}
}

@article{jensen1993,
  title={Development of basic auditory discrimination in preschool children},
  author={Jensen, Janet K and Neff, Donna L},
  journal={Psychological Science},
  volume={4},
  number={2},
  pages={104--107},
  year={1993},
  publisher={SAGE Publications Sage CA: Los Angeles, CA}
}

@article{xu2019,
  title={Towards a rational constructivist theory of cognitive development.},
  author={Xu, Fei},
  journal={Psychological review},
  volume={126},
  number={6},
  pages={841},
  year={2019},
  publisher={American Psychological Association}
}

@article{feldstein1971,
  title={The incentive value of uncertainty reduction for children},
  author={Feldstein, Jerome H and Witryol, Sam L},
  journal={Child Development},
  pages={793--804},
  year={1971},
  publisher={JSTOR}
}

@article{wang2021,
  title={Children with more uncertainty in their intuitive theories seek domain-relevant information},
  author={Wang, Jinjing and Yang, Yang and Macias, Carla and Bonawitz, Elizabeth},
  journal={Psychological Science},
  volume={32},
  number={7},
  pages={1147--1156},
  year={2021},
  publisher={Sage Publications Sage CA: Los Angeles, CA}
}

@article{gottlieb2013,
  title={Information-seeking, curiosity, and attention: computational and neural mechanisms},
  author={Gottlieb, Jacqueline and Oudeyer, Pierre-Yves and Lopes, Manuel and Baranes, Adrien},
  journal={Trends in cognitive sciences},
  volume={17},
  number={11},
  pages={585--593},
  year={2013},
  publisher={Elsevier}
}


