%% This BibTeX bibliography file was created using BibDesk.
%% http://bibdesk.sourceforge.net/


%% Created for Mike Frank at 2022-01-29 21:01:15 -0800 


%% Saved with string encoding Unicode (UTF-8) 

@article{casey2017,
  title={Race/ethnicity, socioeconomic status, residential segregation, and spatial variation in noise exposure in the contiguous United States},
  author={Casey, Joan A and Morello-Frosch, Rachel and Mennitt, Daniel J and Fristrup, Kurt and Ogburn, Elizabeth L and James, Peter},
  journal={Environmental health perspectives},
  volume={125},
  number={7},
  pages={077017},
  year={2017}}

@webpage{panfili2017,
	author = {Panfili, L. M., Haywood, J., McCloy, D. R., Souza, P. E., Wright, R. A.},
	title = {The UW/NU Corpus. Version 2.0},
	url = {https://depts.washington.edu/phonlab/projects/uwnu.php},
	urldate = {2017}}

@article{kruschke2008,
  title={Bayesian approaches to associative learning: From passive to active learning},
  author={Kruschke, John K},
  journal={Learning \& behavior},
  volume={36},
  number={3},
  pages={210--226},
  year={2008},
  publisher={Springer}}

@article{tosatto2022,
  title={The evolution of chunks in sequence learning},
  author={Tosatto, Laure and Fagot, Jo{\"e}l and Nemeth, Dezso and Rey, Arnaud},
  journal={Cognitive Science},
  volume={46},
  number={4},
  pages={e13124},
  year={2022},
  publisher={Wiley Online Library}}

@incollection{rakison2022,
  title={Fear learning in infancy: An evolutionary developmental perspective},
  author={Rakison, David H},
  booktitle={Evolutionary Perspectives on Infancy},
  pages={303--323},
  year={2022},
  publisher={Springer}}

@article{thiele2021,
  title={Social interaction targets enhance 13-month-old infants' associative learning},
  author={Thiele, Maleen and Hepach, Robert and Michel, Christine and Gredeb{\"a}ck, Gustaf and Haun, Daniel BM},
  journal={Infancy},
  volume={26},
  number={3},
  pages={409--422},
  year={2021},
  publisher={Wiley Online Library}}

@article{stevens2017,
  title={The pursuit of word meanings},
  author={Stevens, Jon Scott and Gleitman, Lila R and Trueswell, John C and Yang, Charles},
  journal={Cognitive science},
  volume={41},
  pages={638--676},
  year={2017},
  publisher={Wiley Online Library}}

@article{quine1960,
  title={Word and object: An inquiry into the linguistic mechanisms of objective reference.},
  author={Quine, Willard and Van, O},
  year={1960},
  publisher={John Wiley}}

@article{sloutsky2017,
  title={An associative account of the development of word learning},
  author={Sloutsky, Vladimir M and Yim, Hyungwook and Yao, Xin and Dennis, Simon},
  journal={Cognitive Psychology},
  volume={97},
  pages={1--30},
  year={2017},
  publisher={Elsevier}}

@article{gibson2013,
  title={Rational integration of noisy evidence and prior semantic expectations in sentence interpretation},
  author={Gibson, Edward and Bergen, Leon and Piantadosi, Steven T},
  journal={Proceedings of the National Academy of Sciences},
  volume={110},
  number={20},
  pages={8051--8056},
  year={2013},
  publisher={National Acad Sciences}}

@article{simon2022,
  title={Environmental noise, brain structure, and language development in children},
  author={Simon, Katrina R and Merz, Emily C and He, Xiaofu and Noble, Kimberly G},
  journal={Brain and Language},
  volume={229},
  pages={105112},
  year={2022},
  publisher={Elsevier}}

@article{havron2019,
  title={Three-to four-year-old children rapidly adapt their predictions and use them to learn novel word meanings},
  author={Havron, Naomi and de Carvalho, Alex and Fi{\'e}vet, Anne-Caroline and Christophe, Anne},
  journal={Child development},
  volume={90},
  number={1},
  pages={82--90},
  year={2019},
  publisher={Wiley Online Library}}

@article{thomas2022,
  title={Infants infer potential social partners by observing the interactions of their parent with unknown others},
  author={Thomas, Ashley J and Saxe, Rebecca and Spelke, Elizabeth S},
  journal={Proceedings of the National Academy of Sciences},
  volume={119},
  number={32},
  pages={e2121390119},
  year={2022},
  publisher={National Acad Sciences}}

@article{wu2021,
  title={Preschool-Aged Children Jointly Consider Others’ Emotional Expressions and Prior Knowledge to Decide When to Explore},
  author={Wu, Yang and Gweon, Hyowon},
  journal={Child Development},
  volume={92},
  number={3},
  pages={862--870},
  year={2021},
  publisher={Wiley Online Library}}

@article{saffran1996,
  title={Statistical learning by 8-month-old infants},
  author={Saffran, Jenny R and Aslin, Richard N and Newport, Elissa L},
  journal={Science},
  volume={274},
  number={5294},
  pages={1926--1928},
  year={1996},
  publisher={American Association for the Advancement of Science}}

@article{shannon1948,
  title={A mathematical theory of communication},
  author={Shannon, Claude Elwood},
  journal={The Bell system technical journal},
  volume={27},
  number={3},
  pages={379--423},
  year={1948},
  publisher={Nokia Bell Labs}}

@inproceedings{williams2022,
  title={Selection of goal-consistent acoustic environments by adults and preschool-aged children},
  author={Williams, Rondeline M and Frank, Michael C},
  booktitle={Proceedings of the Annual Meeting of the Cognitive Science Society},
  volume={44},
  number={44},
  year={2022}}

@article{gerken2011,
  title={Infants avoid ‘labouring in vain’by attending more to learnable than unlearnable linguistic patterns},
  author={Gerken, LouAnn and Balcomb, Frances K and Minton, Juliet L},
  journal={Developmental science},
  volume={14},
  number={5},
  pages={972--979},
  year={2011},
  publisher={Wiley Online Library}}

@article{kidd2012,
  title={The Goldilocks effect: Human infants allocate attention to visual sequences that are neither too simple nor too complex},
  author={Kidd, Celeste and Piantadosi, Steven T and Aslin, Richard N},
  journal={PloS one},
  volume={7},
  number={5},
  pages={e36399},
  year={2012},
  publisher={Public Library of Science San Francisco, USA}}

@article{foushee2021,
  title={Self-directed learning by preschoolers in a naturalistic overhearing context},
  author={Foushee, Ruthe and Srinivasan, Mahesh and Xu, Fei},
  journal={Cognition},
  volume={206},
  pages={104415},
  year={2021},
  publisher={Elsevier}}

@article{stahl2015,
  title={Observing the unexpected enhances infants’ learning and exploration},
  author={Stahl, Aimee E and Feigenson, Lisa},
  journal={Science},
  volume={348},
  number={6230},
  pages={91--94},
  year={2015},
  publisher={American Association for the Advancement of Science}}

@article{foushee2022,
  title={Active Learning in Language Development},
  author={Foushee, Ruthe and Srinivasan, Mahesh and Xu, Fei},
  year={2022},
  publisher={PsyArXiv}}

@article{mcallister2019,
  title={The Others Are Too Loud! Children’s Experiences and Thoughts Related to Voice, Noise, and Communication in Nordic Preschools},
  author={McAllister, Anita and Rantala, Leena and J{\'o}nsd{\'o}ttir, Vald{\'\i}s Ingibj{\"o}rg},
  journal={Frontiers in psychology},
  volume={10},
  pages={1954},
  year={2019},
  publisher={Frontiers Media SA}}

@article{loh2022,
  title={Children’s intentional switching of auditory selective attention in spatial and noisy acoustic environments in comparison to adults.},
  author={Loh, Karin and Fintor, Edina and Nolden, Sophie and Fels, Janina},
  journal={Developmental Psychology},
  volume={58},
  number={1},
  pages={69},
  year={2022},
  publisher={American Psychological Association}}

@article{settles2009,
	author = {Settles, Burr},
	date-added = {2022-01-29 21:01:13 -0800},
	date-modified = {2022-01-29 21:01:15 -0800},
	publisher = {University of Wisconsin-Madison Department of Computer Sciences},
	title = {Active learning literature survey},
	year = {2009}}

@article{erickson2017,
	author = {Erickson, Lucy C and Newman, Rochelle S},
	journal = {Current directions in psychological science},
	number = {5},
	pages = {451--457},
	publisher = {Sage Publications Sage CA: Los Angeles, CA},
	title = {Influences of background noise on infants and children},
	volume = {26},
	year = {2017}}

@article{cohen1973,
	author = {Cohen, Sheldon and Glass, David C and Singer, Jerome E},
	journal = {Journal of experimental social psychology},
	number = {5},
	pages = {407--422},
	publisher = {Elsevier},
	title = {Apartment noise, auditory discrimination, and reading ability in children},
	volume = {9},
	year = {1973}}

@article{deutsch1964,
	author = {Deutsch, Cynthia P},
	journal = {Merrill-Palmer Quarterly of Behavior and Development},
	number = {3},
	pages = {277--296},
	publisher = {JSTOR},
	title = {Auditory discrimination and learning: Social factors},
	volume = {10},
	year = {1964}}

@article{benasich2002,
	author = {Benasich, April A and Thomas, Jennifer J and Choudhury, Naseem and Lepp{\"a}nen, Paavo HT},
	journal = {Developmental Psychobiology: The Journal of the International Society for Developmental Psychobiology},
	number = {3},
	pages = {278--292},
	publisher = {Wiley Online Library},
	title = {The importance of rapid auditory processing abilities to early language development: evidence from converging methodologies},
	volume = {40},
	year = {2002}}

@article{rule2020,
	author = {Rule, Joshua S and Tenenbaum, Joshua B and Piantadosi, Steven T},
	journal = {Trends in cognitive sciences},
	publisher = {Elsevier},
	title = {The child as hacker},
	year = {2020}}

@article{klatte2013,
	author = {Klatte, Maria and Bergstr{\"o}m, Kirstin and Lachmann, Thomas},
	journal = {Frontiers in psychology},
	pages = {578},
	publisher = {Frontiers},
	title = {Does noise affect learning? A short review on noise effects on cognitive performance in children},
	volume = {4},
	year = {2013}}

@article{bjorklund1990,
	author = {Bjorklund, David F and Harnishfeger, Katherine Kipp},
	journal = {Developmental review},
	number = {1},
	pages = {48--71},
	publisher = {Elsevier},
	title = {The resources construct in cognitive development: Diverse sources of evidence and a theory of inefficient inhibition},
	volume = {10},
	year = {1990}}

@article{viet2014,
	author = {Viet, Susan Marie and Dellarco, Michael and Dearborn, Dorr G and Neitzel, Richard},
	journal = {Journal of pregnancy and child health},
	number = {1},
	publisher = {NIH Public Access},
	title = {Assessment of noise exposure to children: considerations for the national children's study},
	volume = {1},
	year = {2014}}

@article{casey2017,
	author = {Casey, Joan A and Morello-Frosch, Rachel and Mennitt, Daniel J and Fristrup, Kurt and Ogburn, Elizabeth L and James, Peter},
	journal = {Environmental health perspectives},
	number = {7},
	pages = {077017},
	title = {Race/ethnicity, socioeconomic status, residential segregation, and spatial variation in noise exposure in the contiguous United States},
	volume = {125},
	year = {2017}}

@article{clark20123,
	author = {Clark, Charlotte and S{\"o}rqvist, Patrik and others},
	journal = {Noise and Health},
	number = {61},
	pages = {292},
	publisher = {Medknow Publications},
	title = {A 3 year update on the influence of noise on performance and behavior},
	volume = {14},
	year = {2012}}

@article{hygge2019,
	author = {Hygge, Staffan},
	publisher = {Elsevier},
	title = {Noise and cognition in children},
	year = {2019}}

@article{riley2012,
	author = {Riley, Kristine Grohne and McGregor, Karla K},
	publisher = {ASHA},
	title = {Noise hampers children's expressive word learning},
	year = {2012}}

@article{evans1997,
	author = {Evans, Gary W and Maxwell, Lorraine},
	journal = {Environment and Behavior},
	number = {5},
	pages = {638--656},
	publisher = {Sage Publications Sage CA: Thousand Oaks, CA},
	title = {Chronic noise exposure and reading deficits: The mediating effects of language acquisition},
	volume = {29},
	year = {1997}}

@article{evans1993,
	author = {Evans, Gary W and Lepore, Stephen J},
	journal = {Children's environments},
	pages = {31--51},
	publisher = {JSTOR},
	title = {Nonauditory effects of noise on children: A critical review},
	year = {1993}}

@inproceedings{castro2008,
	author = {Castro, Rui M and Kalish, Charles and Nowak, Robert and Qian, Ruichen and Rogers, Tim and Zhu, Xiaojin},
	booktitle = {Advances in neural information processing systems},
	organization = {Citeseer},
	pages = {241--248},
	title = {Human active learning},
	year = {2008}}

@article{ruggeri2019,
	author = {Ruggeri, Azzurra and Swaboda, Nora and Sim, Zi Lin and Gopnik, Alison},
	journal = {Cognition},
	pages = {104013},
	publisher = {Elsevier},
	title = {Shake it baby, but only when needed: Preschoolers adapt their exploratory strategies to the information structure of the task},
	volume = {193},
	year = {2019}}

@article{jensen1993,
	author = {Jensen, Janet K and Neff, Donna L},
	journal = {Psychological Science},
	number = {2},
	pages = {104--107},
	publisher = {SAGE Publications Sage CA: Los Angeles, CA},
	title = {Development of basic auditory discrimination in preschool children},
	volume = {4},
	year = {1993}}

@article{xu2019,
	author = {Xu, Fei},
	journal = {Psychological review},
	number = {6},
	pages = {841},
	publisher = {American Psychological Association},
	title = {Towards a rational constructivist theory of cognitive development.},
	volume = {126},
	year = {2019}}

@article{feldstein1971,
	author = {Feldstein, Jerome H and Witryol, Sam L},
	journal = {Child Development},
	pages = {793--804},
	publisher = {JSTOR},
	title = {The incentive value of uncertainty reduction for children},
	year = {1971}}

@article{wang2021,
	author = {Wang, Jinjing and Yang, Yang and Macias, Carla and Bonawitz, Elizabeth},
	journal = {Psychological Science},
	number = {7},
	pages = {1147--1156},
	publisher = {Sage Publications Sage CA: Los Angeles, CA},
	title = {Children with more uncertainty in their intuitive theories seek domain-relevant information},
	volume = {32},
	year = {2021}}

@article{gottlieb2013,
	author = {Gottlieb, Jacqueline and Oudeyer, Pierre-Yves and Lopes, Manuel and Baranes, Adrien},
	journal = {Trends in cognitive sciences},
	number = {11},
	pages = {585--593},
	publisher = {Elsevier},
	title = {Information-seeking, curiosity, and attention: computational and neural mechanisms},
	volume = {17},
	year = {2013}}

@article{mcmillan2016,
  title={Learning in complex environments: The effects of background speech on early word learning},
  author={McMillan, Brianna TM and Saffran, Jenny R},
  journal={Child Development},
  volume={87},
  number={6},
  pages={1841--1855},
  year={2016},
  publisher={Wiley Online Library}
}

@article{fallon2000,
  title={Children’s perception of speech in multitalker babble},
  author={Fallon, Marianne and Trehub, Sandra E and Schneider, Bruce A},
  journal={The Journal of the Acoustical Society of America},
  volume={108},
  number={6},
  pages={3023--3029},
  year={2000},
  publisher={Acoustical Society of America}
}

@article{klingholz1987,
  title={The measurement of the signal-to-noise ratio (SNR) in continuous speech},
  author={Klingholz, F},
  journal={Speech Communication},
  volume={6},
  number={1},
  pages={15--26},
  year={1987},
  publisher={Elsevier}
}